@article{Civin-Yood,
  author  = {P. Civin  and B. Yood},
  title   = {Involutions on {B}anach algebras},
  journal = {Pac. J. Math},
  volume  = {9},
  year    = {1959},
  number  = {2},
  pages   = {219--226},
  doi     = {10.2140/pjm.1959.9.415}
}

@book{Clifford-Preston,
  author    = {A. H. Clifford  and G. B. Preston},
  title     = {The Algebraic Theory of Semigroups},
  series    = {Math. Surveys},
  volume    = {7},
  publisher = {AMS},
  year      = {1961},
  url       = {https://www.ams.org/books/surv/007.1/surv007.1-endmatter.pdf}
}

@article{Freyd,
  author  = {P. Freyd and Peter O'Hearn and John Power and Robert Tennent and Makoto Takeyama},
  title   = {Bireflectivity},
  journal = {Electronic Notes in Theoretical Computer Science},
  volume  = {1},
  year    = {1995},
  doi     = {10.1017/S0004972700014854}
}

@article{Easdown-Munn,
  author  = {D. Easdown and W. D. Munn},
  title   = {Trace functions on inverse semigroup algebras},
  journal = {Bulletin of the Australian Mathematical Society},
  volume  = {52},
  year    = {1995},
  number  = {3},
  pages   = {359--372},
  doi     = {10.1017/S0004972700014854}
}

@book{Roscoe,
  author    = {A. W. Roscoe},
  title     = {The Theory and Practice of Concurrency},
  series    = {Series in Computer Science},
  publisher = {Prentice Hall},
  year      = {1987},
  isbn      = {0136744095}
}

@phdthesis{Shehadah,
  author = { A. A. Shehadah},
  title  = {Embedding theorems for semigroups with involution},
  note   = {PhD thesis},
  school = {Purdue University, Indiana},
  year   = {1992},
  url    = {https://docs.lib.purdue.edu/dissertations/AAI8300958/}
}

@book{Weyl,
  author    = {H. Weyl},
  title     = {The Classical Groups},
  publisher = {Princeton University Press},
  year      = {1946},
  isbn      = {9780691057569}
}



@article{Bandelt-Erne,
  author     = {Bandelt, Hans-J. and Ern\'{e}, Marcel},
  title      = {The category of {$Z$}-continuous posets},
  journal    = {J. Pure Appl. Algebra},
  fjournal   = {Journal of Pure and Applied Algebra},
  volume     = {30},
  year       = {1983},
  number     = {3},
  pages      = {219--226},
  issn       = {0022-4049},
  mrclass    = {06A10 (18B99 54H12)},
  mrnumber   = {724033},
  mrreviewer = {James W. Lea, Jr.},
  doi        = {10.1016/0022-4049(83)90057-9},
  url        = {https://doi.org/10.1016/0022-4049(83)90057-9}
}


 @article{Baranga,
  author     = {Baranga, Andrei},
  title      = {{$Z$}-continuous posets},
  journal    = {Discrete Math.},
  fjournal   = {Discrete Mathematics},
  volume     = {152},
  year       = {1996},
  number     = {1-3},
  pages      = {33--45},
  issn       = {0012-365X},
  mrclass    = {06B35 (06A06)},
  mrnumber   = {1388630},
  mrreviewer = {James W. Lea, Jr.},
  doi        = {10.1016/0012-365X(94)00307-5},
  url        = {https://doi.org/10.1016/0012-365X(94)00307-5}
}

@book{Davey-Priesley,
  author     = {Davey, B. A. and Priestley, H. A.},
  title      = {Introduction to lattices and order},
  edition    = {Second},
  publisher  = {Cambridge University Press, New York},
  year       = {2002},
  pages      = {xii+298},
  isbn       = {0-521-78451-4},
  mrclass    = {06-01 (68Q55)},
  mrnumber   = {1902334},
  mrreviewer = {T. S. Blyth},
  doi        = {10.1017/CBO9780511809088},
  url        = {https://doi.org/10.1017/CBO9780511809088}
}

@incollection{Scott71,
  author     = {Scott, Dana},
  title      = {Continuous lattices},
  booktitle  = {Toposes, algebraic geometry and logic ({C}onf., {D}alhousie
                {U}niv., {H}alifax, {N}.{S}., 1971)},
  series     = {Lecture Notes in Math., Vol. 274},
  pages      = {97--136},
  publisher  = {Springer, Berlin},
  year       = {1972},
  mrclass    = {06A30 (02C20)},
  mrnumber   = {0404073},
  mrreviewer = {I. Fleischer}
}

@book{gierz03,
  author     = {Gierz, G. and Hofmann, K. H. and Keimel, K. and Lawson, J. D.
                and Mislove, M. and Scott, D. S.},
  title      = {Continuous {L}attices and {D}omains},
  series     = {Encyclopedia of Mathematics and its Applications},
  volume     = {93},
  publisher  = {Cambridge University Press, Cambridge},
  year       = {2003},
  pages      = {xxxvi+591},
  isbn       = {0-521-80338-1},
  doi        = {10.1017/CBO9780511542725},
  mrclass    = {06-00 (06B35 54H12 68Q55)},
  mrnumber   = {1975381},
  mrreviewer = {James W. Lea, Jr.},
  url        = {https://doi.org/10.1017/CBO9780511542725}
}


@article{HoZhao09,
  author     = {Ho, Weng Kin and Zhao, Dongsheng},
  title      = {Lattices of {S}cott-closed sets},
  journal    = {Comment. Math. Univ. Carolin.},
  fjournal   = {Commentationes Mathematicae Universitatis Carolinae},
  volume     = {50},
  year       = {2009},
  number     = {2},
  pages      = {297--314},
  issn       = {0010-2628},
  url        = {https://dml.cz/dmlcz/133435},
  mrclass    = {06B35 (06A06 06B23)},
  mrnumber   = {2537838},
  mrreviewer = {S. Parameshwara Bhatta}
}

@article{Mao-Xu09,
  author   = {Mao, Xuxin and Xu, Luoshan},
  title    = {Meet continuity properties of posets},
  journal  = {Theoret. Comput. Sci.},
  fjournal = {Theoretical Computer Science},
  volume   = {410},
  year     = {2009},
  number   = {42},
  pages    = {4234--4240},
  issn     = {0304-3975},
  mrclass  = {68Q55 (06B35)},
  mrnumber = {2561483},
  doi      = {10.1016/j.tcs.2009.06.017},
  url      = {https://doi.org/10.1016/j.tcs.2009.06.017}
}

@article{Ruan-Xu17,
  author     = {Ruan, Xiaojun and Xu, Xiaoquan},
  title      = {{$s_Z$}-quasicontinuous posets and meet {$s_Z$}-continuous
                posets},
  journal    = {Topology Appl.},
  fjournal   = {Topology and its Applications},
  volume     = {230},
  year       = {2017},
  pages      = {295--307},
  issn       = {0166-8641},
  mrclass    = {06B35 (06B75 54F05)},
  mrnumber   = {3702775},
  mrreviewer = {Jinbo Yang},
  doi        = {10.1016/j.topol.2017.08.045},
  url        = {https://doi.org/10.1016/j.topol.2017.08.045}
}

@article{ADJ78,
  author     = {Wright, J. B. and Wagner, E. G. and Thatcher, J. W.},
  title      = {A uniform approach to inductive posets and inductive closure},
  journal    = {Theoret. Comput. Sci.},
  fjournal   = {Theoretical Computer Science},
  volume     = {7},
  year       = {1978},
  number     = {1},
  pages      = {57--77},
  issn       = {0304-3975},
  mrclass    = {06A10 (68A05)},
  mrnumber   = {480224},
  mrreviewer = {Henner Kr\"{o}ger},
  doi        = {10.1016/0304-3975(78)90040-3},
  url        = {https://doi.org/10.1016/0304-3975(78)90040-3}
}

@article{Xu-Luo-Huang05,
  author     = {Xu, Xiao Quan and Luo, Mao Kang and Huang, Yan},
  title      = {Quasi {$Z$}-continuous domains and {$Z$}-meet continuous
                domains},
  journal    = {Acta Math. Sinica (Chinese Ser.)},
  fjournal   = {Acta Mathematica Sinica. Chinese Series},
  volume     = {48},
  year       = {2005},
  number     = {2},
  pages      = {221--234},
  issn       = {0583-1431},
  doi        = {10.3321/j.issn:0583-1431.2005.02.002 },
  mrclass    = {06B35 (54H99)},
  mrnumber   = {2160245},
  mrreviewer = {Yixiang Chen}
}

@article{Zhang-Xu15,
  author   = {Zhang, Wenfeng and Xu, Xiaoquan},
  title    = {{$s_2$}-quasicontinuous posets},
  journal  = {Theoret. Comput. Sci.},
  fjournal = {Theoretical Computer Science},
  volume   = {574},
  year     = {2015},
  pages    = {78--85},
  issn     = {0304-3975},
  mrclass  = {06B23 (06A06)},
  mrnumber = {3314406},
  doi      = {10.1016/j.tcs.2015.01.037},
  url      = {https://doi.org/10.1016/j.tcs.2015.01.037}
}

@article{Zhao15,
  author     = {Zhao, Dongsheng},
  title      = {Closure spaces and completions of posets},
  journal    = {Semigroup Forum},
  fjournal   = {Semigroup Forum},
  volume     = {90},
  year       = {2015},
  number     = {2},
  pages      = {545--555},
  doi        = {10.1007/s00233-015-9692-6},
  issn       = {0037-1912},
  mrclass    = {06A15},
  mrnumber   = {3318281},
  mrreviewer = {Marcel Ern\'{e}},
  doi        = {10.1007/s00233-015-9692-6},
  url        = {https://doi.org/10.1007/s00233-015-9692-6}
}

@incollection{abramsky94,
  author     = {Abramsky, Samson and Jung, Achim},
  title      = {Domain theory},
  booktitle  = {Handbook of {L}ogic in {C}omputer {S}cience, {V}ol. 3},
  series     = {Handb. {L}og. {C}omput. {S}ci.},
  volume     = {3},
  pages      = {1--168},
  publisher  = {Oxford Univ. Press, New York},
  year       = {1994},
  url        = {https://www.cs.bham.ac.uk/~axj/pub/papers/handy1.pdf},
  mrclass    = {68Q55 (03B70 06B35)},
  mrnumber   = {1365749},
  mrreviewer = {Guo-Qiang Zhang}
}

@article{Adamski:measures,
  author     = {Adamski, W.},
  title      = {{$\tau $}-smooth {B}orel measures on topological spaces},
  journal    = {Math. Nachr.},
  fjournal   = {Mathematische Nachrichten},
  volume     = {78},
  year       = {1977},
  pages      = {97--107},
  issn       = {0025-584X},
  mrclass    = {28A32},
  mrnumber   = {492169},
  mrreviewer = {J. D. Knowles},
  doi        = {10.1002/mana.19770780108},
  url        = {https://doi.org/10.1002/mana.19770780108}
}

@book{billingsley86,
  author     = {Billingsley, Patrick},
  title      = {Probability and {M}easure},
  series     = {Wiley Series in Probability and Mathematical Statistics},
  publisher  = {John Wiley \& Sons, New York-Chichester-Brisbane},
  year       = {1979},
  pages      = {xiv+515},
  isbn       = {0-471-03173-9},
  mrclass    = {60-01 (28-01)},
  mrnumber   = {534323},
  mrreviewer = {N. H. Bingham}
}

@article{choquet53,
  author     = {Choquet, Gustave},
  title      = {Theory of capacities},
  journal    = {Ann. Inst. Fourier (Grenoble)},
  fjournal   = {Universit\'{e} de Grenoble. Annales de l'Institut Fourier},
  volume     = {5},
  year       = {1953/54},
  pages      = {131--295 (1955)},
  issn       = {0373-0956},
  mrclass    = {27.5X},
  mrnumber   = {80760},
  mrreviewer = {Benjamin Lepson},
  url        = {http://www.numdam.org/item?id=AIF_1954__5__131_0}
}

@article{deBrecht:qPolish,
  author     = {de Brecht, Matthew},
  title      = {Quasi-{P}olish spaces},
  journal    = {Ann. Pure Appl. Logic},
  fjournal   = {Annals of Pure and Applied Logic},
  volume     = {164},
  year       = {2013},
  number     = {3},
  pages      = {356--381},
  issn       = {0168-0072},
  mrclass    = {03E15 (06B35 54E15 54H05)},
  mrnumber   = {3001551},
  mrreviewer = {Szymon \.{Z}eberski},
  doi        = {10.1016/j.apal.2012.11.001},
  url        = {https://doi.org/10.1016/j.apal.2012.11.001}
}

@incollection{DGJL-isdt19,
  author     = {de Brecht, Matthew and Goubault-Larrecq, Jean and Jia,
                Xiaodong and Lyu, Zhenchao},
  title      = {Domain-complete and {LCS}-complete spaces},
  booktitle  = {The {P}roceedings of {ISDT} 2019, the 8th {I}nternational
                {S}ymposium on {D}omain {T}heory and {I}ts {A}pplications},
  series     = {Electron. Notes Theor. Comput. Sci.},
  volume     = {345},
  pages      = {3--35},
  publisher  = {Elsevier B. V., Amsterdam},
  year       = {2019},
  mrclass    = {54H05 (03E15 06B10)},
  mrnumber   = {4025962},
  mrreviewer = {J\"{o}rg D. Brendle},
  doi        = {10.1016/j.entcs.2019.07.014},
  url        = {https://doi.org/10.1016/j.entcs.2019.07.014}
}

@article{edalat09,
  author     = {Edalat, Abbas},
  title      = {A computable approach to measure and integration theory},
  journal    = {Inform. and Comput.},
  fjournal   = {Information and Computation},
  volume     = {207},
  year       = {2009},
  number     = {5},
  pages      = {642--659},
  issn       = {0890-5401},
  mrclass    = {03D45 (06B35 26A42 28A99)},
  mrnumber   = {2514961},
  mrreviewer = {Dieter Spreen},
  doi        = {10.1016/j.ic.2008.05.003},
  url        = {https://doi.org/10.1016/j.ic.2008.05.003}
}

@inproceedings{edalat97,
  author    = {M. Escardo and P. Potts and A. Edalat},
  booktitle = {Logic in Computer Science, Symposium on},
  title     = {Semantics of Exact Real Arithmetic},
  year      = {1997},
  volume    = {},
  issn      = {1043-6871},
  pages     = {248},
  abstract  = {In this paper, we incorporate a representation of the non-negative extended real numbers based on the composition of linear fractional transformations with non-negative integer coefficients into the Programming Language for Computable Functions (PCF) with products. We present two models for the extended language and show that they are computationally adequate with respect to the operational semantics.},
  keywords  = {},
  doi       = {10.1109/LICS.1997.614952},
  url       = {https://doi.ieeecomputersociety.org/10.1109/LICS.1997.614952},
  publisher = {IEEE Computer Society},
  address   = {Los Alamitos, CA, USA},
  month     = {jul}
}

@article{escardo96,
  author     = {Escard\'{o}, Mart\'{\i}n H\"{o}tzel},
  title      = {P{CF} extended with real numbers},
  note       = {Real numbers and computers},
  journal    = {Theoret. Comput. Sci.},
  fjournal   = {Theoretical Computer Science},
  volume     = {162},
  year       = {1996},
  number     = {1},
  pages      = {79--115},
  issn       = {0304-3975},
  mrclass    = {68Q05 (68N05 68N15 68Q55)},
  mrnumber   = {1408015},
  mrreviewer = {Peter Bachmann},
  doi        = {10.1016/0304-3975(95)00250-2},
  url        = {https://doi.org/10.1016/0304-3975(95)00250-2}
}

@book{goubault13a,
  author     = {Goubault-Larrecq, Jean},
  title      = {Non-{H}ausdorff {T}opology and {D}omain {T}heory},
  series     = {New Mathematical Monographs},
  volume     = {22},
  note       = {[On the cover: Selected topics in point-set topology]},
  publisher  = {Cambridge University Press, Cambridge},
  year       = {2013},
  pages      = {vi+491},
  isbn       = {978-1-107-03413-6},
  mrclass    = {54-01 (54D10 54H10 54H99)},
  mrnumber   = {3086734},
  mrreviewer = {Alexander Yurievich Shibakov},
  doi        = {10.1017/CBO9781139524438},
  url        = {https://doi.org/10.1017/CBO9781139524438}
}

@article{goubault-jia-2021,
  author     = {Goubault-Larrecq, Jean and Jia, Xiaodong},
  title      = {Separating minimal valuations, point-continuous valuations,
                and continuous valuations},
  journal    = {Math. Structures Comput. Sci.},
  fjournal   = {Mathematical Structures in Computer Science. A Journal in the
                Applications of Categorical, Algebraic and Geometric Methods
                in Computer Science},
  volume     = {31},
  year       = {2021},
  number     = {6},
  pages      = {614--632},
  issn       = {0960-1295},
  mrclass    = {06B35 (06F30 54E99 54F05)},
  mrnumber   = {4376997},
  mrreviewer = {Jinbo Yang},
  doi        = {10.1017/s0960129521000384},
  url        = {https://doi.org/10.1017/s0960129521000384}
}

@techreport{goubault-jia-theron-21,
  author = {Goubault-Larrecq, J. and X.~Jia and C.~Th{\'e}ron},
  title  = {A domain-theoretic approach to statistical programming languages},
  doi    = {10.48550/arXiv.2106.16190}
}

@techreport{heckmann95,
  author = {Heckmann, R.},
  title  = {Spaces of valuations},
  school = {Technical Report A 09/95, FB 14 Informatik, Universit\"at des
            Saarlandes, 66041 Saarbr\"ucken, Germany},
  year   = {1995},
  url    = {https://www.rw.cdl.uni-saarland.de/people/heckmann/private/papers/valreport.ps.gz}
}
  
  	    
@incollection{jia2021commutative,
  author    = {Jia, Xiaodong and Lindenhovius, Bert and Mislove, Michael and
               Zamdzhiev, Vladimir},
  title     = {Commutative monads for probabilistic programming languages},
  booktitle = {2021 36th {A}nnual {ACM}/{IEEE} {S}ymposium on {L}ogic in
               {C}omputer {S}cience ({LICS})},
  pages     = {[14 pp.]},
  publisher = {IEEE, [Piscataway], NJ},
  year      = {[2021] \copyright 2021},
  mrclass   = {68N19 (18C15 18C20)},
  mrnumber  = {4401580},
  doi       = {10.1109/LICS52264.2021.9470611},
  url       = {https://doi.org/10.1109/LICS52264.2021.9470611}
}

@phdthesis{jones90,
  author = {Jones, C.},
  title  = {Probabilistic Non-Determinism},
  note   = {PhD thesis, University of Edinburgh, Edinburgh},
  year   = {1990},
  note   = {Also published as Technical Report No.~CST-63-90},
  url    = {https://era.ed.ac.uk/handle/1842/413}
}

@incollection{jones89,
  author    = {Jones, C. and G.~Plotkin},
  title     = {A probabilistic powerdomain of evaluations},
  booktitle = {Proceedings of the 4th Annual Symposium on Logic in Computer Science},
  pages     = {186--195},
  publisher = {IEEE Press},
  doi       = {10.1109/LICS.1989.39173}
}

@article{keimel08,
  author   = {Keimel, Klaus and Lawson, Jimmie D.},
  title    = {D-completions and the {$d$}-topology},
  journal  = {Ann. Pure Appl. Logic},
  fjournal = {Annals of Pure and Applied Logic},
  volume   = {159},
  year     = {2009},
  number   = {3},
  pages    = {292--306},
  issn     = {0168-0072},
  mrclass  = {54D35 (03B70 06B35 18A30 68Q55)},
  mrnumber = {2522623},
  doi      = {10.1016/j.apal.2008.06.019},
  url      = {https://doi.org/10.1016/j.apal.2008.06.019}
}

@article{Kock:monad:comm,
  author   = {Kock, Anders},
  title    = {Commutative monads as a theory of distributions},
  journal  = {Theory Appl. Categ.},
  fjournal = {Theory and Applications of Categories},
  volume   = {26},
  year     = {2012},
  pages    = {No. 4, 97--131},
  url      = {http://www.tac.mta.ca/tac/volumes/26/4/26-04.pdf},
  mrclass  = {18C15 (46T30)},
  mrnumber = {2909640}
}

@book{Manes:algth,
  author     = {Manes, Ernest G.},
  title      = {Algebraic theories},
  series     = {Graduate Texts in Mathematics, No. 26},
  publisher  = {Springer-Verlag, New York-Heidelberg},
  year       = {1976},
  isbn       = {978-1461298625},
  pages      = {vii+356},
  mrclass    = {18C10 (02H10 08A15)},
  mrnumber   = {0419557},
  mrreviewer = {J. R. Isbell}
}

@incollection{moggi89,
  author    = {Moggi, E.},
  title     = {Computational lambda-calculus and monads},
  booktitle = {Logic in Computer Science},
  pages     = {14--23},
  year      = {1989},
  publisher = {IEEE Computer Society Press},
  doi       = {10.1109/LICS.1989.39155}
}

@incollection{moggi91,
  author     = {Moggi, Eugenio},
  title      = {Notions of computation and monads},
  note       = {Selections from the 1989 IEEE Symposium on Logic in Computer
                Science},
  journal    = {Inform. and Comput.},
  fjournal   = {Information and Computation},
  volume     = {93},
  year       = {1991},
  number     = {1},
  pages      = {55--92},
  issn       = {0890-5401},
  mrclass    = {03B40 (03B70 18C20 68Q55)},
  mrnumber   = {1115262},
  mrreviewer = {Edmund Robinson},
  doi        = {10.1016/0890-5401(91)90052-4},
  url        = {https://doi.org/10.1016/0890-5401(91)90052-4}
}

@techreport{Plume:ERC,
  author = {Plume, D.},
  title  = {A calculator for exact real number computation},
  note   = {4th year project, Dept. of Computer Science and Artificial
            Intelligence, University of Edinburgh},
  url    = {https://www.dcs.ed.ac.uk/home/mhe/plume/index.html},
  year   = {1998}
}


@inproceedings{,
  schulz:tte = RealPCF,
  author     = {Schulz, Holger},
  title      = {Type two theory of effectivity and real {PCF}},
  booktitle  = {Proceedings of the Workshop on Domains IV, 
                ({R}emagen-{R}olandseck, 1998)},
  series     = {Electron. Notes Theor. Comput. Sci.},
  volume     = {35},
  pages      = {13 pp.},
  publisher  = {Elsevier Sci. B. V., Amsterdam},
  year       = {2000},
  doi        = {10.1016/S1571-0661(05)82509-5},
  mrclass    = {03F60 (68N18)},
  mrnumber   = {1811701}
}

@mastersthesis{tix95,
  author = {Tix, R.},
  title  = {Stetige {B}ewertungen auf {T}opologischen {R}{\"a}umen},
  school = {Technische Hochschule Darmstadt},
  year   = {1995},
  url    = {https://www.mathematik.tu-darmstadt.de/ags/ag14/papers/tix/}
}

@article{Weihrauch:prob,
  author     = {Weihrauch, Klaus},
  title      = {Computability on the probability measures on the {B}orel sets
                of the unit interval},
  journal    = {Theoret. Comput. Sci.},
  fjournal   = {Theoretical Computer Science},
  volume     = {219},
  year       = {1999},
  number     = {1-2},
  pages      = {421--437},
  issn       = {0304-3975},
  note       = {Computability and {C}omplexity in {A}nalysis (Schlo\ss\ Dagstuhl,
                1997)},
  mrclass    = {03F65 (28E15)},
  mrnumber   = {1694441},
  mrreviewer = {Rudolf J. Taschner},
  doi        = {10.1016/S0304-3975(98)00298-9},
  url        = {https://doi.org/10.1016/S0304-3975(98)00298-9}
}

@phdthesis{escardo96a,
  author   = {Escard\'o, M.~H.},
  title    = {{PCF} extended with real numbers: a domain-theoretic approach to
              higher-order exact real number computation},
  year     = {1996},
  school   = {Imperial College},
  location = {London, UK},
  url      = {https://era.ed.ac.uk/handle/1842/509}
}
